@article{doi:10.1063/1.1143294,
author = {Continetti,R. E.  and Cyr,D. R.  and Neumark,D. M. },
title = {Fast 8 kV metal–oxide semiconductor field‐effect transistor switch},
journal = {Review of Scientific Instruments},
volume = {63},
number = {2},
pages = {1840-1841},
year = {1992},
doi = {10.1063/1.1143294},

URL = {https://doi.org/10.1063/1.1143294},
eprint = {https://doi.org/10.1063/1.1143294}
}

@article{ParallelHighVoltageMultipliers,
author = {Hanington, Gary},
year = {2014},
month = {01},
pages = {000006-000012},
title = {Using Parallel High Voltage Multipliers for 100kV Downhole Neutron Generator Power Supplies},
volume = {2014},
journal = {Additional Conferences (Device Packaging, HiTEC, HiTEN, \& CICMT)},
doi = {10.4071/HITEC-TA12}
}

@manual{analog:LT3748,
	organisation = "Analog Devices",
	title = "100V Isolated Flyback Controller",
	number = "LT3748",
	year  = 2015,
	month = 02,
	note = "Rev. B"
	}
	
@manual{TI:LT5155,
	organisation = "Texas Instruments",
	title = "2.2-MHz wide VIN, 1.5-A MOSFET driver, non-synchronous boost controller",
	number = "LT5155",
	year = 2021,
	month = 01,
	note = "Rev. C"
	}
	
@manual{TI:UCC28740,
	organisation = "Texas Instruments",
	title = "Constant-Voltage Constant-Current Flyback Controller Using Optocoupled Feedback",
	number = "UCC28740",
	year = 2018,
	month = 03,
	note = "Rev. C"
	}
	

@manual{analog:LT3757,
	organisation = "Analog Devices",
	title = "Boost, Flyback, SEPIC and Inverting Controller",
	number = "LT3757",
	year = 2021,
	month = 01,
	note = "Rev. G"
	}
	
@manual{analog:LT8304,
	organisation = "Analog Devices",
	title = "100VIN Micropower No-Opto Isolated Flyback Converter with 150V/2A Switch",
	number = "LT3757",
	year = 2017,
	month = 02,
	note = "Rev. A"
	}
	
@manual{Coilcraft:GA3459,
	organisation = "Coilcraft",
	title = "For Linear Technology LT3751 Capacitor Charger Controller",
	number = "722",
	year = 2017,
	month = 01,
	note = "Rev. A"
	}
	
@manual{Gigavac:G61A,
	organisation = "Gigavac",
	title = "35kV SPST-NO HV Relay",
	number = "G61A",
	year = 2017,
	month = 06,
	note = "Rev. 2"
	}
	
@manual{Standex:H,
	organisation = "Standex",
	title = "H Series Reed Relays",
	number = "H",
	year = 2015,
	month = 01,
	note = "Rev. 01"
	}
	
@manual{Behlke:HTS181-02-C,
	organisation = "Behlke",
	title = "Fast High Voltage Transistor Switches",
	year = 2013,
	month = 03,
	note = "Rev. 1"
	}
	
@manual{IXYS:IXYL60N450,
	organisation = "IXYS",
	title = "High Voltage XPT IGBT",
	year = 2013,
	month = 11,
	note = "Rev. 1"
	}
	
@techreport{MIL-STD-883K,
type = {Standard},
key = {MIL-STD-883K},
month = 06,
year = {2013},
title = {MICROCIRCUITS TEST STANDARDS}
}

@techreport{JS-001-2017,
type = {Standard},
key = {JS-001-2017},
month = May,
year = {2017},
title = {For Electrostatic Discharge Sensitivity Testing Human Body Model (HBM) - Component Level}
}
	